<?xml version="1.0" encoding="UTF-8"?><collection xmlns="http://www.loc.gov/MARC21/slim"><record><leader>00592nam--2200217-i-4500</leader><controlfield tag="001">000024726</controlfield><controlfield tag="002">20161230</controlfield><controlfield tag="005">20161230201035</controlfield><controlfield tag="008">060222s1000------------r-----000-0-eng-d</controlfield><datafield ind1=" " ind2=" " tag="020"><subfield code="a">0198517793</subfield></datafield><datafield ind1=" " ind2=" " tag="040"><subfield code="a">IFIN-HH</subfield></datafield><datafield ind1=" " ind2=" " tag="080"><subfield code="a">539.143</subfield></datafield><datafield ind1="1" ind2=" " tag="100"><subfield code="a">Poenaru, Dorin</subfield></datafield><datafield ind1="1" ind2="0" tag="245"><subfield code="a">Handbook of nuclear properties</subfield><subfield code="c">Dorin poenaru, walter greiner (eds.)</subfield></datafield><datafield ind1=" " ind2=" " tag="260"><subfield code="a">Oxford</subfield><subfield code="b">Clarendon Press</subfield><subfield code="c">1996</subfield></datafield><datafield ind1=" " ind2=" " tag="300"><subfield code="a">XII + 317 P</subfield></datafield><datafield ind1=" " ind2=" " tag="490"><subfield code="a">Oxford Studies In Nuclear Physics</subfield></datafield><datafield ind1=" " ind2=" " tag="500"><subfield code="a">Donatie</subfield></datafield><datafield ind1="1" ind2=" " tag="700"><subfield code="a">Greiner, Walter</subfield><subfield code="e">Ed</subfield></datafield><datafield ind1=" " ind2=" " tag="852"><subfield code="a">80542</subfield><subfield code="c">539.14</subfield></datafield><datafield ind1=" " ind2=" " tag="CAT"><subfield code="a">Sys</subfield><subfield code="c">20120417</subfield><subfield code="h">101140</subfield></datafield></record></collection>